@string{BMCNeurosci="BMC Neurosci."}
@string{JNeurosci="J. Neurosci."}
@string{MolPsychiatry="Mol. Psychiatry"}
@string{EurChildAdolescPsychiatry="Eur. Child Adolesc. Psychiatry"}
@string{FrontNeuroinform="Front. Neuroinform."}

@article{Pinel2007,
  author  = {Pinel, Philippe and Thirion, Bertrand and Meriaux, S\'ebastien and Jobert, Antoinette and Serres, Julien and Le Bihan, Denis and Poline, Jean-Baptiste and Dehaene, Stanislas},
  title   = {Fast reproducible identification and large-scale databasing of individual functional cognitive networks},
  journal = BMCNeurosci,
  volume  = 8,
  number  = 1,
  pages   = 91,
  year    = 2007,
  doi     = {10.1186/1471-2202-8-91},
}
@Comment url     = {http://www.biomedcentral.com/1471-2202/8/91},

@article{Pinel2012,
  author  = {Pinel, Philippe and Fauchereau, Fabien and Moreno, Antonio and Barbot, Alexis and Lathrop, Mark and Zelenika, Diana and Le Bihan, Denis and Poline, Jean-Baptiste and Bourgeron, Thomas and Dehaene, Stanislas},
  title   = {Genetic Variants of {FOXP2} and {KIAA0319/TTRAP/THEM2} Locus Are Associated with Altered Brain Activation in Distinct Language-Related Regions},
  journal = JNeurosci,
  volume  = 32,
  number  = 3,
  pages   = {817-825},
  year    = 2012,
  doi     = {10.1523/JNEUROSCI.5996-10.2012},
}
@Comment url     = {http://www.jneurosci.org/content/32/3/817},

@article{Fischl2012,
  author  = {Fischl, Bruce},
  title   = {FreeSurfer},
  journal = {NeuroImage},
  volume  = 62,
  number  = 2,
  pages   = {774-781},
  year    = 2012,
  doi     = {10.1016/j.neuroimage.2012.01.021},
}
@Comment url     = {http://www.sciencedirect.com/science/article/pii/S1053811912000389},

@article{Imagen2010,
  author  = {Schumann, Gunter and Loth, Eva and Banaschewski, Tobias and Barbot, Alexis and Barker, Gareth and Büchel, Christian and Patricia J. Conrod and J W Dalley and H Flor and J Gallinat and H Garavan and A Heinz and B Itterman and M Lathrop and C Mallik and K Mann and J-L Martinot and T. Paus and J-B Poline and T. W. Robbins and M. Rietschel and L. Reed and Michael Smolka and Rainer Spanagel and Claudia Speiser and Dai N. Stephens and Andreas Ströhle and Maren Struve and the IMAGEN consortium},
  title   = {The {IMAGEN} study: reinforcement-related behaviour in normal brain function and psychopathology},
  journal = MolPsychiatry,
  volume  = 15,
  number  = 12,
  pages   = {1128-1139},
  year    = 2010,
  doi     = {10.1038/mp.2010.4},
}
@Comment url     = {http://www.nature.com/mp/journal/v15/n12/abs/mp20104a.html},

@article{Aims2014,
  author  = {Karen L. Ashwood and Jan Buitelaar and Declan Murphy and Will Spooren and Tony Charman},
  title   = {European clinical network: autism spectrum disorder assessments and patient characterisation},
  journal = EurChildAdolescPsychiatry,
  year    = 2014,
  doi     = {10.1007/s00787-014-0648-2},
}
@Comment url     = {http://link.springer.com/article/10.1007/s00787-014-0648-2},

@article{XNAT2007,
  author  = {Daniel S. Marcus and Timothy R. Olsen and Mohana Ramaratnam and Randy L. Buckner },
  title   = {The Extensible Neuroimaging Archive Toolkit},
  journal = {Neuroinformatics},
  volume  = 5,
  number  = 1,
  pages   = {11-33},
  year    = 2007,
  doi     = {10.1385/NI:5:1:11},
}
@Comment url     = {http://link.springer.com/article/10.1385/NI%3A5%3A1%3A11},

@article{HBP2012,
  author  = {Daniel S. Marcus and Michael P. Harms and Abraham Z. Snyder and Mark Jenkinson and J. Anthony Wilson and Matthew F. Glasser and Deanna M. Barch and Kevin A. Archie and Gregory C. Burgess and Mohana Ramaratnam and Michael Hodge and William Horton and Rick Herrick and Timothy Olsen and Michael McKay and Matthew House and Michael Hileman and Erin Reid and John Harwell and Timothy Coalson and Jon Schindler and Jennifer S. Elam and Sandra W. Curtiss and David C. Van Essen},
  title   = {Human Connectome Project informatics: Quality control, database services, and data visualization},
  journal = {NeuroImage},
  volume  = 80,
  pages   = {202-219},
  year    = 2012,
  doi     = {10.1016/j.neuroimage.2013.05.077},
}
@Comment url     = {http://www.sciencedirect.com/science/article/pii/S1053811913005776},

@article{COINS2011,
  author  = {Scott, Adam and Courtney, Will and Wood, Dylan and de la Garza, Raul and Lane, Susan and King, Margaret and Wang, Runtang and Roberts, Jody and Turner, Jessica A. and Calhoun, Vince D.},
  title   = {{COINS}: an innovative informatics and neuroimaging tool suite built for large heterogeneous datasets},
  journal = FrontNeuroinform,
  volume  = 5,
  pages   = 33,
  year    = 2011,
  doi     = {10.3389/fninf.2011.00033},
}
@Comment url     = {http://journal.frontiersin.org/Journal/10.3389/fninf.2011.00033},


@incollection{Simon2013,
  author  = {Simon, Agnès and Wenz, Romain and Michel, Vincent and Di Mascio, Adrien},
  title   = {Publishing Bibliographic Records on the Web of Data: Opportunities for the {BnF} ({F}rench National Library)},
  booktitle = {The Semantic Web: Semantics and Big Data},
  series  = {Lecture Notes in Computer Science},
  volume  = 7882,
  pages   = {563-577},
  year    = 2013,
  isbn    = {978-3-642-38287-1},
  publisher = {Springer Berlin Heidelberg},
  doi     = {10.1007/978-3-642-38288-8_38},
}
@Comment url     = {http://link.springer.com/chapter/10.1007/978-3-642-38288-8_38}

@ARTICLE{NiLearn,
  author = {Abraham, Alexandre  and  Pedregosa, Fabian  and  Eickenberg, Michael  and  Gervais, Philippe  and  Mueller, Andreas  and  Kossaifi, Jean  and  Gramfort, Alexandre  and  Thirion, Bertrand  and  Varoquaux, Gael},   
  title = {Machine Learning for Neuroimaging with Scikit-Learn},      
  journal = {Frontiers in Neuroinformatics},      
  volume = {8},      
  YEAR={2014},      
  NUMBER={14},     
  DOI={10.3389/fninf.2014.00014},
}
@Comment URL={http://www.frontiersin.org/neuroinformatics/10.3389/fninf.2014.00014/abstract},       

@article{keator2006general,
  title={A general {XML} schema and {SPM} toolbox for storage of neuro-imaging results and anatomical labels},
  author={Keator, David Bryant and Gadde, Syam and Grethe, Jeffrey S and Taylor, Derek V and Potkin, Steven G},
  journal={Neuroinformatics},
  volume={4},
  number={2},
  pages={199--211},
  year={2006},
  publisher={Springer}
}

@misc{HBM2013,
  author  = {Michel, Vincent and Schwartz, Yannick and Pinel, Philippe and Cayrol, Olivier and Moreno, Antonio and Poline, Jean-Baptiste and Frouin, Vincent and Papadopoulos Orfanos, Dimitri},
  title   = {Brainomics: A management system for exploring and merging heterogeneous brain mapping data},
  year    = {2013},
  note    = {Poster presented at OHBM 2013, 19\textsuperscript{th} Annual Meeting of the Organization for Human Brain Mapping, 16-20 June 2013, Seattle, United States},
}

@misc{NeuroVault2014,
  author  = {Krzysztof Gorgolewski and Tal Yarkoni and Satrajit Ghosh and Russell Poldrack and Jean-Baptiste Poline and Yannick Schwartz and Tom Nichols and Camille Maumet and Daniel Margulies},
  title   = {{NeuroVault}: a web repository for sharing statistical parametric maps},
  year    = {2014},
  note    = {Poster presented at OHBM 2014, 20\textsuperscript{th} Annual Meeting of the Organization for Human Brain Mapping, 8-12 June 2014, Hamburg, Germany},
}