@string{BMCNeurosci="BMC Neurosci."}
@string{JNeurosci="J. Neurosci."}
@string{MolPsychiatry="Mol. Psychiatry"}
@string{EurChildAdolescPsychiatry="Eur. Child Adolesc. Psychiatry"}

@article{Pinel2007,
  author  = {Philippe Pinel and Bertrand Thirion and Sébastien Meriaux and Antoinette Jobert and Julien Serres and Denis Le Bihan and Jean-Baptiste Poline and Stanislas Dehaene},
  title   = {Fast reproducible identification and large-scale databasing of individual functional cognitive networks},
  journal = BMCNeurosci,
  volume  = 8,
  number  = 1,
  pages   = 91,
  year    = 2007,
  doi     = {10.1186/1471-2202-8-91},
  url = {http://www.biomedcentral.com/1471-2202/8/91},
}

@article{Pinel2012,
  author  = {Philippe Pinel and Fabien Fauchereau and Antonio Moreno and Alexis Barbot and Mark Lathrop and Diana Zelenika and Denis Le Bihan and Jean-Baptiste Poline and Thomas Bourgeron and Stanislas Dehaene},
  title   = {Genetic Variants of {FOXP2} and {KIAA0319/TTRAP/THEM2} Locus Are Associated with Altered Brain Activation in Distinct Language-Related Regions},
  journal = JNeurosci,
  volume  = 32,
  number  = 3,
  pages   = {817-825},
  year    = 2012,
  doi     = {10.1523/JNEUROSCI.5996-10.2012},
  url = {http://www.jneurosci.org/content/32/3/817},
}

@article{Fischl2012,
  author  = {Bruce Fischl},
  title   = {FreeSurfer},
  journal = {NeuroImage},
  volume  = 62,
  number  = 2,
  pages   = {774-781},
  year    = 2012,
  doi     = {10.1016/j.neuroimage.2012.01.021},
  url = {http://www.sciencedirect.com/science/article/pii/S1053811912000389},
}

@article{Imagen2010,
  author  = {Gunter Schumann and Eva Loth and Tobias Banaschewski and Alexis Barbot and Gareth Barker and Christian Büchel and Patricia J. Conrod and J W Dalley and H Flor and J Gallinat and H Garavan and A Heinz and B Itterman and M Lathrop and C Mallik and K Mann and J-L Martinot and T. Paus and J-B Poline and T. W. Robbins and M. Rietschel and L. Reed and Michael Smolka and Rainer Spanagel and Claudia Speiser and Dai N. Stephens and Andreas Ströhle and Maren Struve and the IMAGEN consortium},
  title   = {The {IMAGEN} study: reinforcement-related behaviour in normal brain function and psychopathology},
  journal = MolPsychiatry,
  volume  = 15,
  number  = 12,
  pages   = {1128-1139},
  year    = 2010,
  doi     = {10.1038/mp.2010.4},
  url = {http://www.nature.com/mp/journal/v15/n12/abs/mp20104a.html},
}

@article{Aims2014,
  author  = {Karen L. Ashwood and Jan Buitelaar and Declan Murphy and Will Spooren and Tony Charman},
  title   = {European clinical network: autism spectrum disorder assessments and patient characterisation},
  journal = EurChildAdolescPsychiatry,
  year    = 2014,
  doi     = {10.1007/s00787-014-0648-2},
  url = {http://link.springer.com/article/10.1007/s00787-014-0648-2},
}
